@online{dasci_ic,
  author       = {{DaSCI - Instituto Andaluz de Ciencia de Datos e Inteligencia Computacional}},
  title        = {Inteligencia Computacional},
  year         = {s.f.},
  url          = {https://dasci.es/area/inteligencia-computacional/},
  note         = {Accesed: 2025-05-04}
}

@inproceedings{cotta2024consumo,
  author    = {Cotta, Carlos and Martínez-Cruz, Jesús},
  title     = {Consumo energético de algoritmos evolutivos en C++: Impacto del compilador y el nivel de optimización},
  booktitle = {International Conference on Learning Representations (ICLR)},
  year      = {2024},
  url       = {https://openreview.net/pdf?id=KzJD73GqDt},
  note      = {Accessed: 2025-04-27}
}

@article{zhou2023opportunities,
  author    = {Zhou, You and Lin, Xiujing and Zhang, Xiang and Wang, Maolin and Jiang, Gangwei and Lu, Huakang and Wu, Yupeng and Zhang, Kai and Yang, Zhe and Wang, Kehang and Sui, Yongduo and Jia, Fengwei and Tang, Zuoli and Zhao, Yao and Zhang, Hongxuan and Yang, Tiannuo and Chen, Weibo and Mao, Yunong and Li, Yi and Bao, De and Li, Yu and Liao, Hongrui and Liu, Ting and Liu, Jingwen and Guo, Jinchi and Zhao, Xiangyu and Wei, Ying and Qian, Hong and Liu, Qi and Wang, Xiang and Chan, Wai Kin (Victor) and Li, Chenliang and Li, Yusen and Yang, Shiyu and Yan, Jining and Mou, Chao and Han, Shuai and Jin, Wuxia and Zhang, Guannan and Zeng, Xiaodong},
  title     = {On the Opportunities of Green Computing: A Survey},
  journal   = {arXiv},
  year      = {2023},
  volume    = {2311.00447},
  url       = {https://arxiv.org/pdf/2311.00447},
  note      = {Accessed: 2025-04-27}
}

@inproceedings{lutz2021energy,
  author    = {Clemens Lutz and Georg Hager and Gerhard Wellein},
  title     = {Energy Efficiency of Programming Languages: A Comparative Study},
  booktitle = {2021 International Conference on Energy-Aware High Performance Computing (EnA-HPC)},
  year      = {2021},
  publisher = {IEEE},
  doi       = {10.1109/EnergyAwareHPC.2021.00010},
  url       = {https://doi.org/10.1109/EnergyAwareHPC.2021.00010},
  note      = {Accessed: 2025-04-27}
}

